<record xmlns="http://www.loc.gov/MARC21/slim" xmlns:xsi="http://www.w3.org/2001/XMLSchema-instance" xsi:schemaLocation="http://www.loc.gov/MARC21/slim http://www.loc.gov/standards/marcxml/schema/MARC21slim.xsd"><leader>00447nz   2200133n  4500</leader><controlfield tag="001">oca05954427 </controlfield><controlfield tag="005">20030121052532.0</controlfield><controlfield tag="008">030120n| acannaabn          |a aaa     c</controlfield><datafield ind1=" " ind2=" " tag="010"><subfield code="a">no2003005703</subfield></datafield><datafield ind1=" " ind2=" " tag="040"><subfield code="a">ICU</subfield><subfield code="b">eng</subfield><subfield code="c">ICU</subfield></datafield><datafield ind1="0" ind2=" " tag="100"><subfield code="a">Crates,</subfield><subfield code="c">Mallotes,</subfield><subfield code="d">2nd cent. B.C.</subfield></datafield><datafield ind1="0" ind2=" " tag="400"><subfield code="a">Cratete,</subfield><subfield code="c">di Mallo,</subfield><subfield code="d">2nd cent. B.C.</subfield></datafield><datafield ind1=" " ind2=" " tag="670"><subfield code="a">I frammenti, 2001, i.e. 2002:</subfield><subfield code="b">t.p. (Cratete di Mallo)</subfield></datafield><datafield ind1=" " ind2=" " tag="670"><subfield code="a">LC class. schedule PA</subfield><subfield code="b">(hdg.: Crates Mallotes, fl. ca. 167 B.C.)</subfield></datafield></record>